<?xml version="1.0" encoding="UTF-8"?><collection xmlns="http://www.loc.gov/MARC21/slim"><record><leader>00463nam--2200145-i-4500</leader><controlfield tag="001">000012357</controlfield><controlfield tag="002">20161230</controlfield><controlfield tag="005">20161230201029</controlfield><controlfield tag="008">060222s1000------------r-----000-0-eng-d</controlfield><datafield ind1=" " ind2=" " tag="080"><subfield code="a">519.716.3:519.682.1(082.1)</subfield></datafield><datafield ind1=" " ind2=" " tag="245"><subfield code="a">Calculus and computer science theory. proceedi ngs of the symposium held in rome march 25-27, 1975</subfield></datafield><datafield ind1=" " ind2=" " tag="260"><subfield code="a">Berlin, Springer-verlag, 1975. Xii + 370 P</subfield></datafield><datafield ind1=" " ind2=" " tag="490"><subfield code="a">Lectures Notes In Computer Science</subfield></datafield><datafield ind1=" " ind2=" " tag="700"><subfield code="a">Bohm, C</subfield></datafield><datafield ind1=" " ind2=" " tag="852"><subfield code="a">45381</subfield></datafield></record></collection>